@article{DvuPul:TPoDPaDTS,
	author = "A. Dvure{\v c}enskij and S. Pulmannov{a'}",
	title = "Tensor product of {D}-posets and {D}-test spaces",
	journal ="Rep. Math. Phys.",
	volume = 34,
	year = 1994,
	pages= "251--275"
}

@article{Kop:DPFS,
	author="F. K{\^o}pka",
	title="D-posets of fuzzy sets",
	journal="Tatra Mt. Math. Publ.",
	volume=1,
	year=1992,
	pages="83--87"
}

@article{FouBen:TPoO,
	author= "D. Foulis and M.K. Bennett",
	title = "Tensor products of orthoalgebras",
	journal = "Order",
	volume = 10,
	year = 1993,
	pages ="271--282"
}
	

@Inproceedings{And:TPoIitPC,
  author =	"T. Ando",
  title = 	"The problem of infimum in the positive cone",
  booktitle = 	"Analytic and Geometric Inequalities and Applications",
  editor =	"T.M. Rassias and H.M. Srivastava",
  publisher =	"Kluwer",
  address = "Dordrecht",
  year = 1999,
  pages = "1--12"
}

@Article{BenFou:IaSEA,
  author =	 "M.K. Bennett and D.J. Foulis",
  title =	 "Interval and scale effect algebras",
  journal =	 "Advances in Applied Mathematics",
  volume =	 19,
  year =	 1997,
  pages =	 "200--215"
}

@Article{	BenFou:PSEA,
  author =	 "M.K. Bennett and D.J. Foulis",
  title =	 "Phi-symmetric effect algebras",
  journal =	 "Foundations of Physics",
  volume =	 25,
  year =	 1995,
  pages =	 "1699--9722"
}

@InBook{	  Ber:BSR,
  author =	 "S. K. Berberian",
  title =	 "{B}aer $*$-rings",
  publisher =	 "Springer-Verlag",
  year =	 1972,
  pages =	 "59--62"
}

@Book{Ber:OLaAA,
  author =	 "L. Beran",
  title =	 "Orthomodular Lattices, Algebraic Approach",
  year =	 1985,
  publisher=	"Kluwer",
  address =	 "Dordrecht"
}

@Book{BusGraLah:OQP,
  author =	"P. Bush and M. Grabowski and P. Lahti",
  title =	"Operational Quantum Physics",
  publisher =	"Springer-Verlag",
  address = 	"Berlin",
  year =	 1995
}

@Book{Sta:EC,
  title="Enumerative combinatorics",
  volume=1,
  author="Richard P. Stanley",
  publisher="Wadsworth and Brooks/Cole", 
  address="Monterey", 
  year=1986
}

@Article{	  Cha:AAoMVL,
  author =	 "C.C. Chang",
  title =	 "Algebraic analysis of many-valued logics",
  journal =	 "Trans. Amer. Math. Soc.",
  volume =	 88,
  year =	 1959,
  pages =	 "467--490"
}

@Article{	  ChePul:SILiPAM,
  author =	 "G. Chevalier and S.Pulmannov{\'a}",
  title =	 "Some ideal lattices in Partial Abelian Monoids and Effect Algebras",
 journal =	"Order",
  volume	= 17,
  year =	 2000,
  pages =	"75--92"
}

@Article{ChoKop:BDP,
  author =	 "F. Chovanec and F. K{\^o}pka",
  title =	 "{B}oolean {D}-posets",
  journal =	 "Tatra Mt. Math. Publ",
  volume =	 10,
  year =	 1997,
  pages =	 "183--197"
}

@Book{Coh:AItHSaQL,
  author =	 "D.W. Cohen",
  title =	 "An Introduction to Hilbert Space and Quantum Logic",
  publisher =	 "Springer-Verlag",
  address = "Berlin",
  year =	 1989
}

@Book{DvuPul:NTiQS,
  author =	 "A. Dvure{\v c}enskij and S. Pulmannov{\'a}",
  title =	 "New Trends in Quantum Structures",
  publisher =	 "Kluwer, Dordrecht and Ister Science, Bratislava",
  year =	 2000
}

@Article{Dvu:EAwcbCbMA,
  author =	"A. Dvure{\v c}enskij",
  title =	"Effect algebras which can be covered by {MV}-algebras",
  journal =	 "Int. J. Theor. Phys.",
  volume =	41,
  year =	2002,
  pages =	"221--229"
  
}


@Article{DvuGra:RoRoMC,
  author =	"A. Dvure{\v c}enskij and M.G. Graziano",
  title =	"Remarks on representations of minimal clans",
  journal =	 "Tatra Mt. Math. Publ.",
  volume =	15,
  year =	1998,
  pages =	"31--53"
}

@Article{Mun:MaCEtBBA,
  author =	"D. Mundici",
  title =	"{MV}-algebras are categorically equivalent to bounded
  commutative {BCK}-algebras",
  journal =	"Math. Japonica",
  volume =	6,
  year =	1986,
  pages =	"889--894"
}
 

@Article{Dvu:MaPDMoEoHS,
 author = 	"A. Dvure{\v c}enskij",
 title=		"Measures and {$\perp$}-decomposable measures of effects of
a Hilbert space",
 journal = "Atti. Sem. Mat. Fis. Univ. Modena",
 volume= 45,
 year = 1997,
 pages= "259--288" 
}
@Article{Yut:TCoCBAiED,
 author =	"H. Yutani",
 title =	"The class of commutative {BCK}-algebras is equationally
 	definable",
 journal =	"Math. Seminar Notes",
 volume =	5,
 year =		1977,
 pages =	"207--210"
}

@Article{	  FouBen:EAaUQL,
  author =	 "D.J. Foulis and M.K. Bennett",
  title =	 "Effect algebras and unsharp quantum logics",
  journal =	 "Found. Phys.",
  volume =	 24,
  year =	 1994,
  pages =	 "1325--1346"
}


@Article{	  FouGreRut:FaSiO,
  author =	 "D.J. Foulis and R. Greechie and G. R{\"u}timann",
  title =	 "Filters and supports in orthoalgebras",
  journal =	 "Int. J. Theor. Phys.",
  volume =	 35,
  year =	 1995,
  pages =	 "789--802"
}

@Article{	FouRan:OS1BC,
  author =	 "D.J. Foulis and C.H. Randall",
  title =	 "Operational quantum statistics. {I.} {B}asic
                  concepts",
  journal =	 "J. Math. Phys.",
  volume =	 13,
  year =	 1972,
  pages =	 "1667--1675"
}

@Article{	RanFou:OS2MoOatL,
  author =	 "C.H. Randall and D.J. Foulis",
  title =	 "Operational quantum statistics. {II.} {M}anual of operations
                  and their logics",
  journal =	 "J. Math. Phys.",
  volume =	 13,
  year =	 1972,
  pages =	 "1667--1675"
}
@Article{	  GiuGre:TaFLfUP,
  author =	 "R. Giuntini and H. Greuling",
  title =	 "Toward a formal language for unsharp properties",
  journal =	 "Found. Phys.",
  volume =	 19,
  year =	 1989,
  pages =	 "931--945"
}

@Book{Goo:POAGwI,
  author =	 "K.R. Goodearl",
  title =	 "Partially ordered abelian groups with interpolation",
  year =	 1986,
  publisher =	 "Amer. Math. Soc, Providence"
}

@Book{Gra:GLT,
  author =	 "G. Gr{\" a}tzer",
  title =	 "General Lattice Theory",
  edition =	 "second",
  year =	 1998,
  publisher =	 "Birkh{\" a}user"
}

@Book{	  Gra:UA,
  author =	 "G. Gr{\" a}tzer",
  title =	 "Universal Algebra",
  publisher =	 "Springer-Verlag",
  edition =	 "second",
  year =	 1979,
}

@Article{GraSel:AGoSRTfBA,
  author =	 "W.H. Graves and S.A. Selesnick",
  title =	 "A generalization of {S}tone's representation theorem
                  for {B}oolean algebras",
  journal =	 "Colloq. math.",
  volume =	 27,
  year =	 1973,
  pages =	 "21--30"
}

@Article{	  GreFouPul:TCoaEA,
  author =	 "R. Greechie and D. Foulis and S. Pulmannov{\'a}",
  title =	 "The center of an effect algebra",
  journal =	 "Order",
  volume =	 12,
  year =	 1995,
  pages =	 "91--106"
}

@Article{	Gre:OLAnS,
 author =	"R. Greechie",
 title =	"Orthomodular lattices admitting no states",
 journal =	"J. Combinat. Theory",
 volume =	10,
 year = 1971,
 pages = "119--132"
}

@Article{Gud:DA,
  author =	 "S. Gudder",
  title =	 "D-algebras",
  journal =	 "Foundations of Physics",
  volume =	 26,
  year =	 1994,
  pages =	 "813--822"
}

@Article{Gud:ETS,
  author =	 "S. Gudder",
  title =	 "Effect test spaces",
  journal =	 "Intern. J. Theor. Phys.",
  volume =	 36,
  year =	 1997,
  pages =	 "2681--2705"
}

@Article{Gud:MTPaSEA,
  author =	 "S. Gudder",
  title =	 "Morphisms, tensor products and {$\sigma$-effect}
                  algebras",
  journal =	 "Reports on Mathematical Physics",
  volume =	 42,
  year =	 1998,
  pages =	 "321--346"
}

@Article{Gud:SDEA,
  author =	 "S. Gudder",
  title =	 "{S}-dominating effect algebras",
  journal =	 "Intern. J. Theor. Phys.",
  volume =	 37,
  year =	 1998,
  pages =	 "915--923"
}

@Article{Gud:SDEA2,
  author =	 "S. Gudder",
  title =	 "Sharply dominating effect algebras",
  journal =	 "Tatra Mt. Math. Publ.",
  volume =	 15,
  year =	 1998,
  pages =	 "23--30"
}

@Article{Gud:LPoQE,
 author = 	"S. Gudder",
 title =	"Lattice properties of quantum effects",
 journal = 	"J. Math. Phys",
 volume =	37,
 year =		1996,
 pages =	"2637--2642"
}
 

@Article{	  GudPul:QoPAM,
  author =	 "S. Gudder and S. Pulmannov{\'a}",
  title =	 "Quotients of partial abelian monoids",
  journal =	 "Algebra univers.",
  volume =	 38,
  year =	 1998,
  pages =	 "395--421"
}

@Article{	  Han:OSFPCIoBA,
  author =	 "W. Hanf",
  title =	 "On some fundamental problems concerning isomorphism
                  of {B}oolean algebras",
  journal =	 "Math. Scand.",
  volume =	 5,
  pages =	 "205--217",
  year =	 1957
}

@Article{Has:ITfL,
  author =	 "J. Hashimoto",
  title =	 "Ideal theory for lattices",
  journal =	 "Math. Japon.",
  volume =	 2,
  year =	 1952,
  pages =	 "149--186"
}

@Article{Jen:ACBTTfEA,
  author =	 "G. Jen{\v c}a",
  title =	 "A {C}antor-{B}ernstein type theorem for effect
                  algebras",
  journal =	 "Algebra univers.",
  volume = 48,
  pages = "399--411",
  year =	 2002
}

@Article{Jen:ANoIiGEA,
  author =	 "G. Jen{\v c}a",
  title =	 "A note on ideals in generalized effect algebras",
  journal =	 "Tatra Mt. Math. Publ.",
  volume =	 16,
  year =	 1999,
  pages =	 "81--85"
}

@Article{Jen:BARGbMVEA,
  author =	 "G. Jen{\v c}a",
  title =	 "Boolean algebras {R}-generated by {MV}-effect algebras",
  journal =	 "Fuzzy sets and systems",
  volume = 145,
  pages = "279--285",
  year = 2004
}

@Article{Jen:BoHEA,
  author =	 "G. Jen{\v c}a",
  title =	 "Blocks of homogeneous effect algebras",
  journal =	 "Bull. Austr. Math. Soc.",
  volume =	 64,
  year =	 2001,
  pages =	 "81--98"
}

@Article{Jen:FHaLOEA,
  author =	 "G. Jen{\v c}a",
  title =	 "Finite homogeneous and lattice ordered effect
                  algebras",
  journal =	 "Discrete Mathematics",
  volume = 272,
  pages = "197--214",
  year = 2003
}

@Article{Jen:SaMEiOHEA,
author="Jen{\v{c}}a, Gejza",
title="Sharp and Meager Elements in Orthocomplete Homogeneous Effect Algebras",
journal="Order",
year="2010",
volume="27",
number="1",
pages="41--61",
issn="1572-9273",
doi="10.1007/s11083-009-9137-5",
url="http://dx.doi.org/10.1007/s11083-009-9137-5"
}

@Article{	  Jen:NoRIiPAM,
  author =	 "G. Jen{\v c}a",
  title =	 "Notes on ${R}_1$-ideals in partial abelian monoids",
  journal =	 "Algebra Univers.",
  volume =	 "43",
  pages =	 "307--319",
  year =	 2000
}

@Article{	  Jen:SIiGEA,
  author =	 "G. Jen{\v c}a",
  title =	 "Subcentral ideals in generalized effect algebras",
  journal =	 "Int. J. Theor. Phys.",
  volume =	 39,
  pages =	 "745--755",
  year =	 2000
}

@Article{JenPul:IaQiLEA,
  author =	 "G. Jen{\v c}a and S. Pulmannov{\'a}",
  title =	 "Ideals and quotients in lattice ordered effect
                  algebras",
  journal =	 "Soft Computing",
  volume =	 5,
  pages =	 "376--380",
  year =	 2001
}

@Article{JenPul:OEA,
  author =	 "G. Jen{\v c}a and S. Pulmannov{\'a}",
  title =	 "Orthocomplete effect algebras",
  journal =	 "Proc. Amer. Math. Soc.",
  volume = 131,
  pages = "2663--2671",
  year =	 2003
}

@Article{JenPul:QoPAMatRDP,
  author =	 "G. Jen{\v c}a and S. Pulmannov{\'a}",
  title =	 "Quotients of partial abelian monoids and the {R}iesz
                  decomposition property",
  journal =	 "Algebra univ.",
  year = 2002,
  volume = 47,
  pages = "443--477"
}

@Article{	  JenRie:OSEiLOEA,
  author =	 "G. Jen{\v c}a and Z. Rie{\v c}anov{\'a}",
  title =	 "On sharp elements in lattice ordered effect
                  algebras",
  journal =	 "BUSEFAL",
  volume =	 80,
  pages =	 "24--29",
  year =	 1999
}

@Book{Kal:OL,
  author =	 "G. Kalmbach",
  title =	 "Orthomodular Lattices",
  year =	 1983,
  publisher =	 "Academic Press, New York"
}

%??? overit

@Article{	  KalRie:AAfARI,
  author =	 "G. Kalmbach and Z. Rie{\v c}anov{\'a}",
  title =	 "An axiomatization for abelian relative inverses",
  journal =	 "Dem. Math.",
  volume =	 27,
  year =	 1994,
  pages =	 "684--499"
}

@InBook{	  Kap:RoO,
  author =	 "I. Kaplansky",
  title =	 "Rings of Operators",
  publisher =	 "W.A. Benjamin Inc.",
  year =	 1968,
  pages =	 "57--62"
}

@Book{		  Kop:HoBA,
  author =	 "S. Koppelberg",
  title =	 "Handbook of {B}oolean Algebras",
  publisher =	 "North-Holland",
  year =	 1989
}

@Article{	  KopCho:DP,
  author =	 "F. K{\^o}pka and F. Chovanec",
  title =	 "D-posets",
  journal =	 "Math. Slovaca",
  volume =	 44,
  year =	 1994,
  pages =	 "21--34"
}

@Book{Lud:FoQM,
  author =	 "G. Ludwig",
  title =	 "Foundations of Quantum Mechanics",
  publisher =	 "Springer-Verlag",
  address =	"Berlin",
  year =	 1983
}

@Article{MacNei:EoaDLtaBR,
  author =	 "H.M. MacNeille",
  title =	 "Extension of a distributive lattice to a {B}oolean
                  ring",
  journal =	 "Bull. Amer. Math. Soc.",
  volume =	 45,
  year =	 1939,
  pages =	 "452--455"
}

@InBook{	  MaeMae:ToSL,
  author =	 "F. Maeda and S. Maeda",
  title =	 "Theory of Symmetric Lattices",
  publisher =	 "Springer-Verlag",
  year =	 1970,
  pages =	 "18--19"
}

@Article{MorGud:IoHSE,
  author =	 "Moreland T. and Gudder S.",
  title =	 "Infima of {H}ilbert space effects",
  journal =	 "Linear Algebra and its Applications",
  volume =	 286,
  year =	 1999,
  pages =	 "1--17"
}

@Article{	  Mun:IoAFCSAiLSC,
  author =	 "D. Mundici",
  title =	 "Interpretation of {A}{F} ${C}^*$-algebras in
                  {L}ukasziewicz sentential calculus",
  journal =	 "J. Functional Analysis",
  volume =	 65,
  year =	 1986,
  pages =	 "15--53"
}

@Book{PtaPul:OSaQL,
  author =	 "P. Pt{\'a}k and S. Pulmannov{\'a}",
  title =	 "Orthomodular Structures as Quantum Logics",
  year =	 1991,
  publisher =	 "Kluwer",
  address =	"Dordrecht"
}

@Article{	  Pul:CiPAS,
  author =	 "S. Pulmannov{\'a}",
  title =	 "Congruences in partial abelian semigroups",
  journal =	 "Algebra univers.",
  volume =	 37,
  year =	 1997,
  pages =	 "119--140"
}

@Article{	Pul:OCaSOS,
  author =	 "S. Pulmannov{\'a}",
  title =	 "On connections among some orthomodular structures",
  journal =	 "Demonstratio Mathematica",
  volume =	 30,
  year =	 1997,
  pages =	 "313--328"
}

@Article{PulWil:RoDP,
  author =	 "S. Pulmannov{\'a} and A. Wilce",
  title =	 "Representation of {D}-posets",
  journal =	 "Int. J. Theor Phys.",
  volume =	 34,
  year =	 1995,
  pages =	 "1689--1696"
}

@PHDThesis{	  Rav:OaSToEA,
  author =	 "K. Ravindran",
  title =	 "On a structure theory of effect algebras",
  school =	 "Kansas State Univ., Manhattan, Kansas",
  year =	 1996
}

@Article{	  Rie:AGoBfLEA,
  author =	 "Z. Rie{\v c}anov{\'a}",
  title =	 "A generalization of blocks for {D}-lattices and lattice effect algebras",
  journal =	 "Int. J. Theor. Phys.",
  volume =	 39,
  year =	 2000,
  pages =	 "231--237"
}

@Article{Rie:CLEAAOCS,
  author =	 "Z. Rie{\v c}anov{\'a}",
  title =	 "Continuous lattice effect algebras admitting order
                  continuous states",
  journal =	 "Fuzzy sets and systems",
  volume =	 136,
  year =	 2003,
  pages =	 "41--54"
}

@Article{Rie:CIoGEAaGDA,
  author =	 "Z. Rie{\v c}anov{\'a}",
  title =	 "Central ideals of generalized effect algebras and
                  generalized D-algebras",
  journal =	 "BUSEFAL",
  year =	 1998
}

% potialto

@Article{Rie:CaCEiEA,
  author =	 "Z. Rie{\v c}anov{\'a}",
  title =	 "Compatibility and central elements in effect
                  algebras",
  journal =	 "Tatra Mt. Math. Publ.",
  volume =	 16,
  year =	 1998,
  pages =	 "1--8"
}

@Techreport{	Rie:DAEA,
  author =	 "Z. Rie{\v c}anov{\'a}",
  title =	 "Distributive atomic effect algebras",
  institution =	 "FEI STU Bratislava",
  year =	 2002,
  type =	 "preprint"
}

@Article{	  Rie:OPODPaARIS,
  author =	 "Z. Rie{\v c}anov{\'a}",
  title =	 "On proper orthoalgebras, difference posets and
                  abelian relative inverse semigroups",
  journal =	 "Tatra Mountains Math. Publ",
  volume =	 10,
  year =	 1997,
  pages =	 "119--128"
}


@Article{Rie:SEiEA,
  author =	 "Z. Rie{\v c}anov{\'a}",
  title =	 "Sharp elements in effect algebras",
  journal =	 "Intern. J. Theor. Phys.",
  volume =	 40,
  year =	 2001,
  pages =	 "1241--1247"
}

@Article{Rie:SIaCEoGEA,
  author =	 "Z. Rie{\v c}anov{\'a}",
  title =	 "Subalgebras, intervals and central elements of
                  generalized effect algebras",
  journal =	 "preprint FEI STU",
  year =	 1998
}

@Article{	  RieBrs:CiDPaO,
  author =	 "Z. Rie{\v c}anov{\'a} and D. Br{\v s}el",
  title =	 "Contraexamples in difference posets and
                  orthoalgebras",
  journal =	 "Int. J. Theor. Phys.",
  volume =	 39,
  year =	 1994,
  pages =	 "133--141"
}

@Article{	  Sik:AGoaToBaCB,
  author =	 "R. Sikorski",
  title =	 "A generalization of a theorem of {B}anach and
                  {C}antor-{B}ernstein",
  journal =	 "Colloquium math.",
  volume =	 1,
  year =	 1948,
  pages =	 "140--144 and 242"
}

@Article{	  SimMunNav:ACBTTfSCMA,
  author =	 "A. De Simone and D. Mundici and M. Navara",
  title =	 "A {C}antor-{B}ernstein type theorem for
                  $\sigma$-complete {MV}-algebras",
  journal =	 "Czechoslovak Math. J. (to appear)",
  year = 2003
}

@Article{	  SimNavPta:OIHOL,
  author =	 "A. De Simone and M. Navara and P. Pt{\'a}k",
  title =	 "On interval homogeneous orthomodular lattices",
  volume =	 42,
  year =	 2001,
  pages =	 "23--30",
  journal =	 "Comment. Math. Univ. Carolin."
}

#pridat odtialto
@Book{		  Tar:CA,
  author =	 "A. Tarski",
  title =	 "Cardinal Algebras",
  publisher =	 "Oxford University Press, New York",
  year =	 1949
}

@Article{	  Wil:PAS,
  author =	 "W. Wilce",
  title =	 "Partial abelian semigroups",
  journal =	 "Intern. J. Theor. Phys.",
  volume =	 34,
  year =	 1995,
  pages =	 "1807--1812"
}

@Article{Wil:PaCiPAS,
  author =	 "A. Wilce",
  title =	 "Perspectivity and congruence in partial abelian
                  semigroups",
  journal =	 "Math. Slovaca",
  volume =	 48,
  year =	 1998,
  pages =	 "117--135"
}

@Article{Cat:AUFftAoUQM,
  author =	"G. Cattaneo",
  title =	"A unified framework for the algebra of unsharp 
  		 quantum mechanics",

  journal =	"Intern. J. Theor. Phys.",
  volume =	36,
  year =	1997,
  pages =	"3085--3117"
}

@Article{CheGra:SLI,
author ="C.C. Chen and G. Gr{\"a}tzer",
title ="Stone lattices I. Construction theorems",
journal="Canad. J. Math.",
volume=21,
year=1969,
pages="884--894"
}

@Article{CheGra:SLII,
author ="C.C. Chen and G. Gr{\"a}tzer",
title ="Stone lattices {II}. Structure theorems",
journal="Canad. J. Math.",
volume=21,
year=1969,
pages="895--903"
}

@Article{Jen:ARTfMVA,
author = "G. Jen{\v c}a",
title = "A representation theorem for {MV}-algebras",
journal = "Soft Computing",
volume = 11,
year = 2007,
pages="557--564"
}

@Article{DiNLet:OCGVoMA,
author = "A. Di Nola and A. Lettieri",
title="One chain generated Varieties of {MV}-algebras",
journal="Journal of Algebra",
volume=225,
year=2000,
pages="667--697"
}

@Article{CigDubMun:TMAIfBAwFOA,
author="R. Cignoli and E. Dubuc and D. Mundici",
title="The {MV}-algebraic invariant for {B}oolean algebras with finite-orbit automorphism",
journal="Tatra Mt. Math. Publ",
volume=27,
year=2003,
pages="23-44"
}

@Article{Nie:NDfVoM,
author="P. Niederkorn",
title="Natural dualities for Varieties of {MV}-algebras",
journal="J. Math. Anal. Appl.",
volume=255,
year=2001,
pages="58-73"
}

@Article{PulVin:IiMVP,
author="S. Pulmannov{\'a} and E. Vincekov{\'a}",
title="Ideals in {MV}-pairs",
journal="Soft Computing",
volume=12,
year=2008,
pages="1199--1204"
}

@Article{Vet:BAwaAG:aFfLL,
author="Thomas Vetterlein",
title="Boolean algebras with an automorphism group: a framework for {\L}ukasiewicz logic",
journal="J. Mult.-Val. Log. Soft Comput.",
volume=14 ,
year=2008 ,
pages="51--67",
}

@Article{MorKas:BAwFFoCA,
author="A. S. Morozov and B. Kasymkhanuly",
title="Boolean algebras with finite families of computable automorphisms",
journal="Siberian Mathematical Journal",
volume=45,
number=1,
year=2004,
pages="141--145"
}

@Article{Mor:GoRAoCBA,
author="A. S. Morozov",
title="Groups of recursive automorphisms of constructive boolean algebras",
journal="Algebra and Logic",
volume=22,
number=2, 
year=1983,
pages="95--112"
}

@Article{HytShe:FaBAwPAG,
author="Tapani Hyttinen and Saharon Shelah",
title="Forcing a {B}oolean algebra with predesigned automorphism group",
journal="Proceedings of the AMS",
volume=130, 
year=2002,
pages="2837-2844"
}

@Article{Dau:DaABAftAotAG,
author="B. K. Dauletbaev",
title="Determining an atomic {B}oolean algebra from the action of the automorphism group",
Journal="Siberian Mathematical Journal",
Volume=34, 
Number=6, 
year=1993,
Pages="1041--1043"
}

@Incollection{Mon:AG,
 author =	 "J. Donald Monk",
  title =	 "Automorphism groups",
  booktitle =	 "Handbook of Boolean algebras",
  editor =	 "J. Donald Monk and Robert Bonnet",
  publisher =	 "North-Holland",
  year =	 1989,
  volume =	 "2",
  chapter =	 "14",
  pages =	 "517--545"
}

@Incollection{Rub:ORoBAftAG,
 author =	 "Matayahu Rubin",
  title =	 "On reconstruction of the Boolean algebras from their automorphism groups",
  booktitle =	 "Handbook of Boolean algebras",
  editor =	 "J. Donald Monk and Robert Bonnet",
  publisher =	 "North-Holland",
  year =	 1989,
  volume =	 "2",
  chapter =	 "14",
  pages =	 "547--605"
}

@Article{Lud:VeaGdQuapT,

title = "Versuch einer axiomatischen 
	{G}rundlegung der {Q}uantenmechanik und allgemeinerer 
	physikalischer {T}heorien",
 author = "G{\"u}nther Ludwig",
 journal= "Zeitschrift f{\"u}r Physik A Hadrons and Nuclei",
 year=1964,
 volume=181,
 number=3,
 pages="233-260"
}

@Article{Rot:OtfoctIToMF,
author="Gian-Carlo Rota" ,
title="On the foundations of combinatorial theory {I}. {T}heory of {M\"o}bius {F}unctions" ,
journal="{P}robability {T}heory and {R}elated {F}ields" ,
volume="2" ,
year="1964" ,
pages="	340-368"
}

@Article{Hel:Ceiqm,
author="K.-E. Hellwig" ,
title="Coexistent effects in quantum mechanics" ,
journal="International {J}ournal of {T}heoretical {P}hysics" ,
volume="2" ,
year="1969" ,
pages="147-155"
}

@Book{Kra:SEaO,
author="K. Kraus",
title="States, Effects and Operations",
publisher="Springer Verlag, Berlin",
year="1983"
}

@Article{LahPul:COaEiQM,
author="P. Lahti and S. Pulmannov{\'a}",
title="Coexistent observables and effects in quantum mechanics",
journal="Reports on Mathematical Physics",
volume=39,
year=1997,
pages="339-351"
}

@Article{LahPulYli:COaEiCA,
author="P. Lahti and S. Pulmannov{\'a} and K. Ylinen",
title="Coexistent observables and effects in convexity approach",
journal="Reports on Mathematical Physics",
volume=39,
year=1998,
pages="6364-6371"
}

@Article{LahPul:CvFCoQO,
author="P. Lahti and S. Pulmannov{\'a}",
title="Coexistence vs. functional coexistence of quantum observables",
journal="Reports on Mathematical Physics",
volume=47,
year=2001,
pages="199-212"
}

@Article{Pul:CaDoE,
author="S. Pulmannov{\'a}",
title="Compatibility and decompositions of effects",
journal="Journal of Mathematical Physics",
volume=43,
year=2002,
pages="2817-2830"
}

@Article{Gud:CoQE,
author="S. Gudder",
title="Coexistence of quantum effects",
journal="Reports on Mathematical Physics",
volume=63,
number=2,
year=2009,
pages="289-303"
}

@article{BusSch:CoQE,
    author ={Busch, P. and Schmidt, H-J.},
    citeulike-article-id = {4176639},
    citeulike-linkout-0 = {http://dx.doi.org/10.1007/s11128-009-0109-x},
    citeulike-linkout-1 = {http://www.springerlink.com/content/4983378717786807},
    doi = {10.1007/s11128-009-0109-x},
    journal = {Quantum Information Processing (to appear)},
    year = {2009},
    posted-at = {2009-03-15 01:28:40},
    title = {Coexistence of qubit effects},
    url = {http://dx.doi.org/10.1007/s11128-009-0109-x}
}

@Article{StaReiHeiZim:CoQE,
    author="P. Stano and D. Reitzner and T. Heinosaari and M. Ziman",
    title="Coexistence of qubit effects",
    journal="Phys. Rev. A",
    volume="78",
    pages="012315",
    year=2008
    }

@Book{BusLahMit:TQToM,
    author="P. Busch and P. Lahti and P. Mittelstaedt",
    title="The Quantum Theory of Measurement",
    edition="2nd",
    publisher="Springer Verlag",
    year="1996"
}

@Article{Jen:CiIEA,
author="G. Jen{\v c}a" ,
title="Coexistence in interval effect algebras",
journal="Proc. Amer. Math. Soc.",
volume=139,
year=2011,
pages="331-344"
}

@Article{Jen:CSMiEA,
author="G. Jen{\v c}a" ,
title="Compatibility support mappings in effect algebras",
journal="Mathematica Slovaca (to appear)",
eprint        = "arXiv:math.RA/0910.2825",
year="2009"
}

@Article{Stu:VvKIA,
author="T. Sturm",
title="Verb{\" a}nde von {K}ernern isotoner {A}bbildungen",
journal="Czechoslovak Mathematical Journal",
volume=22,
number=1,
pages="126--144",
year=1971
}

@Article{Stu:ECvK,
author="T. Sturm",
title="Einige {C}haracterisationen von {K}etten",
journal="Czechoslovak Mathematical Journal",
volume=23,
number=3,
pages="375--391",
year=1973
}

@Article{Stu:OLoKoIM,
author="T. Sturm",
title="On the lattices of kernels of isotonic mappings",
journal="Czechoslovak Mathematical Journal",
volume=27,
number=2,
pages="258--295",
year=1977
}

@Article{CzeLen:OCnDoOA,
author="G. Cz{\'e}dli and A. Lenkehegyi",
title="On congruence {$n$}-distributivity of ordered algebras",
journal="Acta Mathematica Hungarica",
volume=41,
number="1-2",
pages="17--26",
year=1983
}

@Article{CzeLen:OCoOAaQD,
author="G. Cz{\'e}dli and A. Lenkehegyi",
title="On classes of ordered algebras and quasiorder distributivity",
journal="Acta Sci. Math.",
volume=46,
pages="41--54",
year=1983
}

@Article{KorRadSzi:CaIMoPOS,
author="P. K{\" o}rtesi, S. Radeleczki and Sz. Szil{\'a}gyi",
title="Congruences and isotone maps on partially ordered sets",
journal="Math. Pannon.",
volume=16,
pages="39--55",
year=2005
}

@Book{Koz:Cat,
  author =	 "D. Kozlov",
  title =	 "Combinatorial Algebraic Topology",
  year =	 2008,
  publisher=	"Springer",
  address =	 "Berlin and Heidelberg"
}

@Book{Tro:CaPOSDT,
  author =	 "W.T. Trotter",
  title =	 "Combinatorics Algebra and Partially Ordered Sets, Dimension Theory",
  year =	 1992,
  publisher=	"The Johns Hopkins University Press",
  address =	 "Baltimore and London"
}

@Article{For:AUGtDMT,
author="R. Forman",
title="Users guide to discrete {M}orse theory",
journal="S{\` e}m. Lothar. Combin.",
volume="B48c",
pages="1--35",
year=2002
}

@Misc{oeisA115112,
key="oeisA115112",
howpublished="The On-Line Encyclopedia of Integer Sequences, sequence A115112 \url{http://oeis.org}",
year={????}
}

@Article{Fol:ThGoaL,
author="Jon Folkman",
title="The homology groups of a lattice",
journal="Journal of Mathematics and Mechanics",
volume=15,
pages="631–636",
year=1966
}

@Book{May:CCiAT,
author="J.P. May",
title="Concise Course in Algebraic Topology",
year=1999,
publisher="The University of Chicago Press",
address="Chicago"
}

@book{Mun:EoAT,
  title={Elements Of Algebraic Topology},
  author={Munkres, J.R.},
  isbn={9780201627282},
  lccn={84006250},
  series={Advanced book program},
  url={http://books.google.sk/books?id=FoplRBTu7wwC},
  year={1996},
  publisher={Westview Press}
}


@incollection {Bjo:TM,
  crossref={GraGroLov:HoC},
  author={A. Bj{\"o}rner},
  title={Topological methods},
  volume={2},
  pages={1819--1872}
}
  
@book{GraGroLov:HoC,
  booktitle={Handbook of combinatorics},
  editor={Graham, R.L. and Gr{\"o}tschel, M. and Lov{\'a}sz, L.},
  year={1995},
  publisher={North-Holland}
}

@article{Jen:EoWM,
  title={Extensions of witness mappings},
  author={Jen{\v{c}}a, Gejza},
  journal={Order},
  volume={29},
  number={3},
  pages={533--544},
  year={2012},
  publisher={Springer}
}

@article{kalmbach1977orthomodular,
  title={Orthomodular lattices do not satisfy any special lattice equation},
  author={Kalmbach, Gudrun},
  journal={Archiv der Mathematik},
  volume={28},
  number={1},
  pages={7--8},
  year={1977},
  publisher={Springer}
}

@article{harding2004remarks,
  title={Remarks on concrete orthomodular lattices},
  author={Harding, John},
  journal={International Journal of Theoretical Physics},
  volume={43},
  number={10},
  pages={2149--2168},
  year={2004},
  publisher={Springer}
}

@article{mayet1995classes,
  title={Classes of logics representable as kernels of measures},
  author={Mayet, Ren{\'e} and Navara, Mirko},
  journal={Contributions to General Algebra},
  volume={9},
  pages={241--248},
  year={1995}
}

@book{mac1998categories,
 author		= {Saunders Mac Lane},
 title		= {Categories for the Working Mathematician},
 publisher	= {Springer-Verlag},
 series		= {Graduate Texts in Mathematics},
 number		= 5,
 year		= 1971
 }

@book{awodey2006category,
  title={Category {T}heory},
  author={Steve Awodey},
  series={Oxford Logic Guides},
  number={49},
  year={2006},
  publisher={Oxford University Press}
}

@article{hedlikova1996generalized,
  title={Generalized difference posets and orthoalgebras},
  author={Hedl{\'\i}kov{\'a}, J and Pulmannov{\'a}, S},
  journal={Acta Math. Univ. Comenianae},
  volume={65},
  number={2},
  pages={247--279},
  year={1996}
}

@article{janowitz1968note,
  title={A note on generalized orthomodular lattices},
  author={Janowitz, MF},
  journal={J. Natur. Sci. Math},
  volume={8},
  pages={89--94},
  year={1968}
}

@article{mayet1991generalized,
  title={Generalized orthomodular posets},
  author={Mayet-Ippolito, Arlette},
  journal={Demonstratio Math},
  volume={24},
  pages={263--274},
  year={1991}
}

@article{paseka2009isomorphism,
  title={Isomorphism theorems on generalized effect algebras based on atoms},
  author={Paseka, Jan and Rie{\v{c}}anov{\'a}, Zdenka},
  journal={Information Sciences},
  volume={179},
  number={5},
  pages={521--528},
  year={2009},
  publisher={Elsevier}
}

@article{riecanova2005generalized,
  title={Generalized homogeneous, prelattice and {MV}-effect algebras},
  author={Rie{\v{c}}anov{\'a}, Zdenka and Marinov{\'a}, Ivica},
  journal={Kybernetika},
  volume={41},
  number={2},
  pages={129--142},
  year={2005},
  publisher={Institute of Information Theory and Automation AS CR}
}


@article{foulis2014unitizing,
  title={Unitizing a generalized pseudo effect algebra},
  author={Foulis, David J and Pulmannov{\'a}, Sylvia},
  journal={Order},
  note={({t}o appear)},
  year={2014},
  publisher={Springer}
}

@article{riecanova2008effect,
  title={Effect algebraic extensions of generalized effect algebras and two-valued states},
  author={Rie{\v{c}}anov{\'a}, Zdenka},
  journal={Fuzzy Sets and Systems},
  volume={159},
  number={9},
  pages={1116--1122},
  year={2008},
  publisher={Elsevier}
}

@Article{rump2013quantum,
author="Rump, Wolfgang",
title="Quantum {B}-algebras",
journal="Central European Journal of Mathematics",
year="2013",
volume="11",
number="11",
pages="1881--1899",
issn="1644-3616",
doi="10.2478/s11533-013-0302-0",
url="http://dx.doi.org/10.2478/s11533-013-0302-0"
}

@book{leinster2004higher,
  title={Higher operads, higher categories},
  author={Leinster, Tom},
  volume={298},
  year={2004},
  publisher={Cambridge University Press}
}

@article{clementino2003metric,
  title={Metric, topology and multicategory—a common approach},
  author={Clementino, Maria Manuel and Tholen, Walter},
  journal={Journal of Pure and Applied Algebra},
  volume={179},
  number={1},
  pages={13--47},
  year={2003},
  publisher={Elsevier}
}

@article{lambek2012injective,
  title={Injective hulls of partially ordered monoids},
  author={Lambek, J and Barr, Michael and Kennison, John F and Raphael, R},
  journal={Theory and Applications of Categories},
  volume={26},
  number={13},
  pages={338--348},
  year={2012}
}

@Article{dvurecenskij2001pseudoeffect,
author="Dvure{\v{c}}enskij, Anatolij
and Vetterlein, Thomas",
title="Pseudoeffect Algebras. {I.} {B}asic Properties",
journal="International Journal of Theoretical Physics",
year="2001",
volume="40",
number="3",
pages="685--701",
issn="1572-9575",
doi="10.1023/A:1004192715509",
url="http://dx.doi.org/10.1023/A:1004192715509"
}

@Inbook{barr1970relational,
author="Barr, Michael",
title="Relational algebras",
bookTitle="Reports of the Midwest Category Seminar IV",
year="1970",
publisher="Springer Berlin Heidelberg",
address="Berlin, Heidelberg",
pages="39--55",
isbn="978-3-540-36292-0",
doi="10.1007/BFb0060439",
url="http://dx.doi.org/10.1007/BFb0060439"
}


@article{kenney2011categories,
  title={Categories as monoids in {S}pan, {R}el and {S}up},
  author={Kenney, Toby and Paré, Robert},
  journal={Cahiers de topologie et g{\'e}om{\'e}trie diff{\'e}rentielle cat{\'e}goriques},
  volume={52},
  number={3},
  pages={209--240},
  year={2011},
  publisher={[sn]}
}

@article{wall1937hypergroups,
 ISSN = {00029327, 10806377},
 URL = {http://www.jstor.org/stable/2371563},
 author = {H. S. Wall},
 journal = {American Journal of Mathematics},
 number = {1},
 pages = {77-98},
 publisher = {Johns Hopkins University Press},
 title = {Hypergroups},
 volume = {59},
 year = {1937}
}

@article{heunen2013relative,
  title={Relative {F}robenius algebras are groupoids},
  author={Heunen, Chris and Contreras, Ivan and Cattaneo, Alberto S},
  journal={Journal of Pure and Applied Algebra},
  volume={217},
  pages={114--124},
  year={2013}
}

@incollection{lack20102categories,
  title={A 2-categories companion},
  author={Lack, Stephen},
  booktitle={Towards higher categories},
  pages={105--191},
  year={2010},
  publisher={Springer}
}

@inproceedings{kelly1974review,
  title={Review of the elements of 2-categories},
  author={Kelly, Gregory M and Street, Ross},
  booktitle={Category seminar},
  pages={75--103},
  year={1974},
  organization={Springer}
}

@article{street1972formal,
  title={The formal theory of monads},
  author={Street, Ross},
  journal={Journal of Pure and Applied Algebra},
  volume={2},
  number={2},
  pages={149--168},
  year={1972},
  publisher={Elsevier}
}

@article{loomis1955lattice,
  title={The lattice theoretic background of the dimension theory of operator algebras},
  author={Loomis, Lynn H},
  journal="Memoirs of the AMS",
  volume={18},
  year={1955},
  publisher={American Mathematical Soc.}
}

@article{benabou1965categories,
 title="Cat{é}gories relatives",
 author="Bénabou, J",
 journal="C.R. Acad. Sci. Paris",
 volume=260,
 year=1965,
 pages="3824--3827"
}

@article{ehresmann1963categories,
author="Ehresmann, Charles",
title="Cat{é}gories structur{é}es",
journal="Ann. Sci. École Norm. Sup.",
number=3,
volume=80,
year=1963,
pages="349--426"
}

@book{kelly1982basic,
  title={Basic concepts of enriched category theory},
  author={Kelly, Max},
  volume={64},
  year={1982},
  publisher={CUP Archive}
}

@article{pulmannova1993quantum,
  title={A quantum logics description of quantum measurements},
  author={Pulmannov{\'a}, Sylvia},
  journal={Tatra Mountains Math. Publ},
  volume={3},
  pages={89--100},
  year={1993}
}

@inproceedings{benabou1967introduction,
  title={Introduction to bicategories},
  author={B{\'e}nabou, Jean},
  booktitle={Reports of the Midwest Category Seminar},
  pages={1--77},
  year={1967},
  organization={Springer}
}

@inproceedings{heunen2015categories,
  title={Categories of relations as models of quantum theory},
  author={Heunen, Chris and Tull, Sean},
  booktitle={Quantum Physics and Logic 2015},
  series={Electronic Proceedings in Theoretical Computer Science},
  volume={195},
  pages={247--261},
  year={2015}
}

@Inproceedings{pavlovic2017modular,
  author    = {Pavlovic, Dusko and Seidel, Peter-Michael},
  year      = {2017},
  title     = {(Modular) Effect Algebras are Equivalent to ({F}robenius) Antispecial Algebras},
  editor    = {Duncan, Ross and Heunen, Chris},
  booktitle = {{\rm Proceedings 13th International Conference on}
               Quantum Physics and Logic,
               {\rm Glasgow, Scotland, 6-10 June 2016}},
  series    = {Electronic Proceedings in Theoretical Computer Science},
  volume    = {236},
  publisher = {Open Publishing Association},
  pages     = {145-160},
  doi       = {10.4204/EPTCS.236.10},
}

@Article{heunen2016monads,
  author = {Heunen, Chris and Karvonen, Martti},
  year = 2016,
  title = {Monads on dagger categories},
  journal = "Theory and Applications of Categories",
  volume = 31,
  pages = "1016--1043"
}

@incollection{contreras2015groupoids,
  title={Groupoids, {F}robenius algebras and {P}oisson sigma models},
  author={Contreras, Ivan},
  booktitle={Mathematical Aspects of Quantum Field Theories},
  pages={413--426},
  year={2015},
  publisher={Springer}
}

@incollection{abramsky2009categorical,
title = "{C}ategorical {Q}uantum {M}echanics ",
editor = "Engesser, Kurt and Gabbay, Dov M.  and Lehmann, Daniel ",
booktitle = "Handbook of Quantum Logic and Quantum Structures ",
publisher = "Elsevier",
edition = "",
address = "Amsterdam",
year = "2009",
pages = "261--32",
isbn = "978-0-444-52869-8",
doi = "http://dx.doi.org/10.1016/B978-0-444-52869-8.50010-4",
url = "http://www.sciencedirect.com/science/article/pii/B9780444528698500104",
author = "Samson Abramsky and Bob Coecke"
}

@inproceedings{staton2015effect,
  title={Effect algebras, presheaves, non-locality and contextuality},
  author={Staton, Sam and Uijlen, Sander},
  booktitle={International Colloquium on Automata, Languages, and Programming},
  pages={401--413},
  year={2015},
  organization={Springer}
}

@Inproceedings{niederle2012triple,
    author =" Niederle, Josef and Paseka, Jan",
    isbn = "978-0-7695-4673-5",
    book-group-author = "IEEE",
    tags = "[u'sci', u'zautor', u'zpub', u'wos', u'scopus', u'voc2012']",
    series = "International Symposium on Multiple-Valued Logic",
    year = "2012",
    cites = "[u'jenca2001blocks', u'jenca2003orthocomplete', u'jenca2010sharp']",
    doi = "10.1109/ISMVL.2012.27",
    endpage = "342",
    title = "Triple Representation Theorem for homogeneous effect algebras",
    booktitle = "2012 42nd Ieee International Symposium on Multiple-valued Logic (Ismvl)",
    issn = "0195-623X",
    book_group_author = "IEEE",
    note = "42nd IEEE International Symposium on Multiple-Valued Logic (ISMVL), Victoria, CANADA, MAY 14-16, 2012",
    myown = "False",
    startpage = "337",
    unique-id = "ISI:000309229100058",
    organization = "IEEE; IEEE Comp Soc; IEEE Comp Soc Tech Comm Multiple-Valued Log; Univ Victoria, Off Vice-President Res; Pacific Inst Math Sci; Univ Victoria, Fac Engn",
    type = "inproceedings",
    unique_id = "ISI:000309229100058"
}

@Article{niederle2012more,
    author =" Paseka, Jan and Niederle, Josef",
    tags = "[u'voc2012', u'zpub', u'sci', u'zautor', u'wos']",
    journal = "Soft Computing",
    number = "1",
    month = "JAN",
    volume = "16",
    year = "2012",
    cites = "[u'jenca1999onsharp', u'jenca2001blocks', u'jenca2010sharp']",
    doi = "10.1007/s00500-011-0738-8",
    endpage = "119",
    title = "More about sharp and meager elements in Archimedean atomic lattice effect algebras",
    issn = "1432-7643",
    myown = "False",
    startpage = "109",
    unique-id = "ISI:000298996100009",
    type = "article",
    unique_id = "ISI:000298996100009"
}

@Article{niederle2012triple-1,
    author =" Niederle, Josef and Paseka, Jan",
    tags = "[u'wos', u'sci']",
    journal = "Algebra Universalis",
    number = "3-4",
    month = "DEC",
    volume = "68",
    year = "2012",
    cites = "[u'jenca2001blocks', u'jenca2002quotients', u'jenca2010sharp', u'jenca2003orthocomplete']",
    doi = "10.1007/s00012-012-0205-0",
    endpage = "220",
    title = "Triple Representation Theorem for orthocomplete homogeneous effect algebras",
    issn = "0002-5240",
    myown = "False",
    startpage = "197",
    type = "article",
    unique_id = "ISI:000315918500002"
}


@article{jacobs2012coreflections,
  title={Coreflections in algebraic quantum logic},
  author={Jacobs, Bart and Mandemaker, Jorik},
  journal={Foundations of physics},
  volume={42},
  number={7},
  pages={932--958},
  year={2012},
  publisher={Springer}
}

@article{gratzer1968onpolynomial,
  doi = {10.4153/cjm-1968-057-1},
  url = {https://doi.org/10.4153%2Fcjm-1968-057-1},
  year  = {1968},
  month = {jan},
  publisher = {Canadian Mathematical Society},
  volume = {20},
  number = {0},
  pages = {575--581},
  author = {George Gr\"{a}tzer},
  title = {On polynomial algebras and free algebras},
  journal = {Journal canadien de math{\'{e}}matiques}
}


@book{maclane2012sheaves,
  title={Sheaves in geometry and logic: A first introduction to topos theory},
  author={Mac Lane, Saunders and Moerdijk, Ieke},
  year={2012},
  publisher={Springer Science \& Business Media}
}


@Article{jenca2015effect,
    author =" Jenča, Gejza",
    issn = "0167-8094",
    tags = "[u'scopus', u'zpub', u'voc2015', u'wos']",
    journal = "Order",
    number = "3",
    volume = "32",
    grants = "G-1/0297/11,G-2/0059/12,APVV-0073-10,APVV-0178-11",
    year = "2015",
    keywords = "Effect algebra; Kalmbach extension; Orthomodular poset; Monad",
    publisher = "Springer Netherlands",
    doi = "10.1007/s11083-014-9344-6",
    language = "English",
    title = "Effect Algebras are the {E}ilenberg-{M}oore Category for the {K}almbach Monad",
    url = "http://dx.doi.org/10.1007/s11083-014-9344-6",
    arxiv = "1404.6263",
    myown = "True",
    pages = "439--448",
    type = "article"
}

@article{dvurevcenskij1995tensor,
  title={Tensor product of difference posets},
  author={Dvure{\v{c}}enskij, Anatolij},
  journal={Transactions of the American Mathematical Society},
  volume={347},
  number={3},
  pages={1043--1057},
  year={1995}
}


@article{foulis1993tensor,
  title={Tensor products of orthoalgebras},
  author={Foulis, DJ and Bennett, MK},
  journal={Order},
  volume={10},
  number={3},
  pages={271--282},
  year={1993},
  publisher={Springer}
}

@inproceedings{borger2004tensor,
  title={The tensor product of orthomodular posets},
  author={B{\"{o}}rger, Reinhard},
  booktitle={Categorical Structures and Their Applications: Proceedings of the North-West European Category Seminar, Berlin, Germany, 28-29 March 2003},
  pages={29},
  year={2004},
  organization={World Scientific}
}

@book{riehl2016category,
  title={Category theory in context},
  author={Riehl, Emily},
  year={2016},
  publisher={Courier Dover Publications}
}



@Inbook{day1970onclosed,
author="Day, Brian",
title="On closed categories of functors",
bookTitle="Reports of the Midwest Category Seminar IV",
year="1970",
publisher="Springer Berlin Heidelberg",
address="Berlin, Heidelberg",
pages="1--38",
isbn="978-3-540-36292-0",
doi="10.1007/BFb0060438",
url="http://dx.doi.org/10.1007/BFb0060438"
}

@book{hell2004graphs,
  title={Graphs and homomorphisms},
  author={Hell, Pavol and Nesetřil, Jaroslav},
  year={2004},
  publisher={Oxford University Press}
}

@book{leinster2014basic,
  title={Basic category theory},
  author={Leinster, Tom},
  volume={143},
  year={2014},
  publisher={Cambridge University Press}
}

@article{moggi1991notions,
  title={Notions of computation and monads},
  author={Moggi, Eugenio},
  journal={Information and computation},
  volume={93},
  number={1},
  pages={55--92},
  year={1991},
  publisher={Elsevier}
}

@incollection{hahn1997graph,
  title={Graph homomorphisms: structure and symmetry},
  author={Hahn, Ge{\v{n}}a and Tardif, Claude},
  booktitle={Graph symmetry},
  pages={107--166},
  year={1997},
  publisher={Springer}
}

@article{brown2008graphs,
  title={Graphs of morphisms of graphs},
  author={R. Brown and I. Morris and J. Shrimpton and C.D. Wensley},
  journal={the electronic journal of combinatorics},
  volume={15},
  number={A1},
  pages={1},
  year={2008}
}

@book{lovasz2009matching,
  title={Matching theory},
  author={Lov{\'a}sz, L{\'a}szl{\'o} and Plummer, Michael D},
  volume={367},
  year={2009},
  publisher={American Mathematical Soc.}
}

@article{manes1974compact,
  title={Compact {H}ausdorff objects},
  author={Manes, EG},
  journal={General Topology and its Applications},
  volume={4},
  number={4},
  pages={341--360},
  year={1974},
  publisher={Elsevier}
}


@article{yun2004pseudo,
  title={Pseudo difference posets and pseudo {B}oolean {D}-posets},
  author={Yun, Shang and Yongming, Li and Maoyin, Chen},
  journal={International Journal of Theoretical Physics},
  volume={43},
  number={12},
  pages={2447--2460},
  year={2004},
  publisher={Springer}
}

@article{dvurevcenskij2003central,
  title={{C}entral elements and {C}antor-{B}ernstein's theorem for pseudo-effect algebras},
  author={Dvure{\v{c}}enskij, Anatolij},
  journal={Journal of the Australian Mathematical Society},
  volume={74},
  number={1},
  pages={121--144},
  year={2003},
  publisher={Cambridge University Press}
}

@article{foulis2010typepseudo,
  title={Type decomposition of a pseudoeffect algebra},
  author={Foulis, David J and Pulmannov{\'a}, Sylvia and Vincekov{\'a}, Elena},
  journal={Journal of the Australian Mathematical Society},
  volume={89},
  number={3},
  pages={335--358},
  year={2010},
  publisher={Cambridge University Press}
}

@Article{foulis2010type,
author="Foulis, David J.
and Pulmannov{\'a}, Sylvia",
title="Type-Decomposition of an Effect Algebra",
journal="Foundations of Physics",
year="2010",
month="Oct",
day="01",
volume="40",
number="9",
pages="1543--1565",
issn="1572-9516",
doi="10.1007/s10701-009-9344-3",
url="https://doi.org/10.1007/s10701-009-9344-3"
}

@phdthesis{beck1967triples,
  title={Triples, algebras and cohomology},
  author={Beck, Jonathan Mock},
  year={1967},
  school={Columbia University}
}

@book{freyd1964abelian,
  title={Abelian categories},
  author={Freyd, Peter J},
  year={1964},
  publisher={Harper \& Row New York}
}


@book{glass1999partially,
  title={Partially ordered groups},
  author={Glass, Andrew Martin William},
  volume={7},
  year={1999},
  publisher={World Scientific}
}

@book{gross2001topological,
  title={Topological graph theory},
  author={Gross, Jonathan L and Tucker, Thomas W},
  year={2001},
  publisher={Courier Corporation}
}

@article{boldi2002fibrations,
  title={Fibrations of graphs},
  author={Boldi, Paolo and Vigna, Sebastiano},
  journal={Discrete Mathematics},
  volume={243},
  number={1-3},
  pages={21--66},
  year={2002},
  publisher={Elsevier}
}

@article{gross1974voltage,
  title={Voltage graphs},
  author={Gross, Jonathan L},
  journal={Discrete mathematics},
  volume={9},
  number={3},
  pages={239--246},
  year={1974},
  publisher={Elsevier}
}

@article{malnivc2000lifting,
  title={Lifting graph automorphisms by voltage assignments},
  author={Malni{\v{c}}, Aleksander and Nedela, Roman and {\v{S}}koviera, Martin},
  journal={European Journal of Combinatorics},
  volume={21},
  number={7},
  pages={927--947},
  year={2000},
  publisher={Elsevier}
}

@article{gross1977generating,
  title={Generating all graph coverings by permutation voltage assignments},
  author={Gross, Jonathan L and Tucker, Thomas W},
  journal={Discrete Mathematics},
  volume={18},
  number={3},
  pages={273--283},
  year={1977},
  publisher={Elsevier}
}

@article{brankovic1998large,
  title={Large graphs with small degree and diameter: A voltage assignment approach},
  author={Brankovic, Ljiljana and Miller, Mirka and Plesn{\'\i}k, J{\'a}n and Ryan, Joe and {\v S}ir{\'a}{\v n}, Jozef},
  journal={Australasian Journal of Combinatorics},
  volume={18},
  pages={65--76},
  year={1998},
  publisher={CENTRE FOR COMBINATORICS}
}

@article{brankovic1998note,
  title={A note on constructing large {C}ayley graphs of given degree and diameter by voltage assignments},
  author={Brankovi{\'c}, Ljiljana and Miller, Mirka and Plesn{\'\i}k, J{\'a}n and Ryan, Joe and {\v{S}}ir{\'a}{\v{n}}, Jozef},
  journal={The Electronic Journal of Combinatorics},
  pages={R9},
  year={1998}
}

@book{jacobs1999categorical,
  title={Categorical logic and type theory},
  author={Jacobs, Bart},
  year={1999},
  publisher={Elsevier}
}

@misc{brown2006topology,
  title={Topology and groupoids},
  author={Brown, Ronald},
  year={2006},
  publisher={www. groupoids. org}
}

@article{cayley1878desiderata,
  title={Desiderata and {s}uggestions: {N}o. 2. {T}he {T}heory of {G}roups: {G}raphical {R}epresentation},
  author={Cayley, Arthur},
  journal={American Journal of Mathematics},
  volume={1},
  number={2},
  pages={174--176},
  year={1878},
  publisher={JSTOR}
}

@book{bollobas1998modern,
  title={Modern graph theory},
  author={Bollob{\'a}s, B{\'e}la and Bollobas, Bela},
  volume={184},
  year={1998},
  publisher={Springer Science \& Business Media}
}

@article{jones2015combinatorial,
     title = {Combinatorial categories and permutation groups},
     author = {Jones, Gareth A},
     journal = {Ars Mathematica Contemporanea},
     volume = {11},
     year = {2015},
     doi = {10.26493/1855-3974.545.fd5},
     language = {EN},
     url = {http://dml.mathdoc.fr/item/545}
}

@article{jones1978theory,
  title={Theory of maps on orientable surfaces},
  author={Jones, Gareth A and Singerman, David},
  journal={Proceedings of the London Mathematical Society},
  volume={3},
  number={2},
  pages={273--307},
  year={1978},
  publisher={Wiley Online Library}
}

@article{bryant1985foundations,
  title={Foundations of the theory of maps on surfaces with boundary},
  author={Bryant, Robin P and Singerman, David},
  journal={The Quarterly Journal of Mathematics},
  volume={36},
  number={1},
  pages={17--41},
  year={1985},
  publisher={Oxford University Press}
}
